@misc{Welford,
  title = {Wikipdia: Parallel algorithm},
  howpublished = {\url{http://en.wikipedia.org/wiki/Algorithms_for_calculating_variance#Parallel_algorithm}},
  note = {Accessed: 2014-01-24}
}

@misc{ErrorAnalysis,
  title = {Followup discussion on Piazza},
  howpublished = {\url{https://piazza.com/class/hp3u1qqtpk6485?cid=16}},
  note = {Accessed: 2014-01-24}
}

@book{oppenheim2006discrete,
  title={Discrete-Time Signal Processing, 2/E},
  author={Oppenheim, Alan V},
  year={2006},
  publisher={Pearson Education India}
}

@misc{ChainedHash,
  title = {Chained Hash table with linned list},
  howpublished = {\url{http://en.wikipedia.org/wiki/Hash_table#Separate_chaining_with_linked_lists}},
  note = {Accessed: 2014-01-24}
}

@misc{FastSample,
  title = {Fast sample method},
  howpublished = {\url{https://github.com/huragok/STA250/tree/master/Assignment1/ArrDelayFastSample}},
  note = {Accessed: 2014-01-24}
}

@misc{MultipleRow,
  title = {Stackoverflow: Compound insert in SQLite3},
  howpublished = {\url{http://stackoverflow.com/questions/1609637/is-it-possible-to-insert-multiple-rows-at-a-time-in-an-sqlite-database}},
  note = {Accessed: 2014-01-24}
}

@misc{Median,
  title = {Stackoverflow: How can I calculate the median of values in SQLite?},
  howpublished = {\url{http://stackoverflow.com/questions/15763965/how-can-i-calculate-the-median-of-values-in-sqlite}},
  note = {Accessed: 2014-01-24}
}

